@article{a1,
  title={{Self-organizing Map Formation: Foundations of Neural Computation}},
  author={Uoolc, A Bradford}
}


@book{a2,
  title={{Self-organizing maps}},
  author={Kohonen, Teuvo},
  volume={30},
  year={2012},
  publisher={Springer Science \& Business Media}
}



@misc{a4,
  title = {{Self-organizing Maps by Kevin Pang}},
  howpublished = {https://www.cs.hmc.edu/~kpang/nn/som.html},

}

@misc{a5,
  title = {{Self-Organizing Map (SOM) by Jaakko Hollmen}},
  howpublished = {https://users.ics.aalto.fi/jhollmen/dippa/node20.html},

}

@misc{a6,
  title = {{Self-Organizing Maps by Sven Kruger}},
  howpublished = {http://www.iikt.ovgu.de/iesk_media/Downloads/ks/computational_neuroscience/vorlesung},

}

@misc{a7,
  title = {{Self Organizing Maps: Fundamentals}},
  howpublished = {https://www.cs.bham.ac.uk/~jxb/NN/l16.pdf},
 
}

@misc{a8,
  title = {{Self Organizing Map Tutorial System by Jae-Wook Ahn and Sue Yeon Syn}},
  howpublished = {http://www.pitt.edu/~is2470pb/Spring05/FinalProjects/Group1a/tutorial/som.html},
 
}




@misc{c1,
	  title = {{Covid-19 States of India and Karnataka District Timeline 20-21}},
	  contributors = {ISI-IISC-Team: Sree Akshaya, Siva Athreya, Srivatsa B., Nitya Gadhiwala,   Jainam Khakra, Rahul Kanekar, Abhiti Mishra, Sandipan Mishra, Srigyan Nandi,  Nihesh Rathod, A. Y. Sarath, Rajesh Sundaresan, Srinidi Veeraraghavan. },
	  year = {2020},
	  howpublished = {http://www.isibang.ac.in/~athreya/incovid19},
}


@misc{c2,
  title = {{Ministry of Health and Family Welfare, Government of India}},
  howpublished = {https://www.mohfw.gov.in/},
 
}

@misc{c3,
  title = {{COVID-19 Data Official Government Website}},
  howpublished = {https://www.mohfw.gov.in/},

}


@misc{b1,
  title = {{Iris Dataset}},
  howpublished = {https://archive.ics.uci.edu/ml/datasets/iris},
 
}


@misc{p1,
  title = {{UCLA Graduate School Admissions Data}},
  howpublished = {https://stats.idre.ucla.edu/stat/data/binary.csv},
 
}


@misc{r1,
  title = {{NPTEL - Lecture Series on Neural Networks and Applications by Prof.S. Sengupta, Department of Electronics and Electrical Communication Engineering, IIT Kharagpur.}},
  howpublished = {https://nptel.ac.in/courses/117/105/117105084/},
 
}


@Article{qq1,
    title = {{Flexible Self-Organizing Maps in {kohonen} 3.0}},
    author = {Ron Wehrens and Johannes Kruisselbrink},
    journal = {Journal of Statistical Software},
    year = {2018},
    volume = {87},
    number = {7},
    pages = {1--18},
    doi = {10.18637/jss.v087.i07},
  }

@Article{qq2,
    title = {{Self- and Super-Organizing Maps in {R}: The {kohonen}
      Package}},
    author = {Ron Wehrens and Lutgarde M. C. Buydens},
    journal = {Journal of Statistical Software},
    year = {2007},
    volume = {21},
    number = {5},
    pages = {1--19},
    doi = {10.18637/jss.v021.i05},
  }



