@article{a1,
  title={Self-organizing Map Formation: Foundations of Neural Computation},
  author={Uoolc, A Bradford}
}


@book{a2,
  title={Self-organizing maps},
  author={Kohonen, Teuvo},
  volume={30},
  year={2012},
  publisher={Springer Science \& Business Media}
}


@misc{a3,
  title = {Guide to SOM},
  howpublished = {https://www.superdatascience.com/blogs/the-ultimate-guide-to-self-organizing-maps-soms},
  note = {Accessed: 2021-05-27}
}

@misc{a4,
  title = {SOM Lecture 1},
  howpublished = {https://www.cs.hmc.edu/~kpang/nn/som.html},
  note = {Accessed: 2021-05-27}
}

@misc{a5,
  title = {SOM Tutorial 1},
  howpublished = {https://users.ics.aalto.fi/jhollmen/dippa/node20.html},
  note = {Accessed: 2021-05-27}
}

@misc{a6,
  title = {SOM Tutorial 2},
  howpublished = {http://www.iikt.ovgu.de/iesk_media/Downloads/ks/computational_neuroscience/vorlesung/comp_neuro8-p-2090.pdf},
  note = {Accessed: 2021-05-27}
}

@misc{a7,
  title = {SOM Lecture 2},
  howpublished = {https://www.cs.bham.ac.uk/~jxb/NN/l16.pdf},
  note = {Accessed: 2021-05-27}
}

@misc{a8,
  title = {SOM Tutorial 3},
  howpublished = {http://www.pitt.edu/~is2470pb/Spring05/FinalProjects/Group1a/tutorial/som.html},
  note = {Accessed: 2021-05-27}
}

@misc{a9,
  title = {SOM from scratch},
  howpublished = {https://inblog.in/Self-Organising-Maps-From-Scratch-7dSqjEKy9h},
  note = {Accessed: 2021-05-27}
}
